@BOOK{Gevorkyan,
	author = {Геворкян, Р. Г.},
	title = {Лабораторный практикум по общей физике: Учеб. пособие. },
	edition = {},
	publisher = {Высш. школа},
	address = {Москва},
	year = {1979},
	pagenum = {656},
	language = {russian}
}
