@article{Malykin:2000,
	author = {Малыкин},
	title = {Эффект Саньяка. Корректные и некорректные объяснения},
	publisher = {Успехи физических наук},
	year = {2000},
	journal = {Усп. физ. наук},
	volume = {170},
	number = {12},
	pages = {1325-1349},
	url = {https://ufn.ru/ru/articles/2000/12/c/},
	doi = {10.3367/UFNr.0170.200012c.1325}
}
@article{litlink5,
	title = {Sagnac Effect},
	author = {POST, E. J.},
	journal = {Rev. Mod. Phys.},
	volume = {39},
	issue = {2},
	pages = {475--493},
	numpages = {0},
	year = {1967},
	month = {Apr},
	publisher = {American Physical Society},
	doi = {10.1103/RevModPhys.39.475},
	url = {https://link.aps.org/doi/10.1103/RevModPhys.39.475}
}
